@ARTICLE{sigelman:dapper,
	AUTHOR = "Benjamin Sigelman and Luiz Barroso and Mike Burrows and Pat Stephenson and Manoj Plakal and Donald Beaver and Saul Jaspan and Chandan Shanbhag",
	TITLE = "Dapper, a large-scale distributed systems tracing infrastructure",
	JOURNAL = "Google Technical Report",
	MONTH = "April",
	NOTE = "www.hello.com",
	YEAR = {2010}	}

@ARTICLE{netflix:chaosmonkey,
	TITLE = "The Netflix Simian Army",
	MONTH = "July",
	YEAR = {2011},
	
	NOTE = "http://techblog.netflix.com/2011/07/netflix-simian-army.html"   }
	
	
@inproceedings{alvaro:ldfi,
  title={Lineage-driven fault injection},
  author={Alvaro, Peter and Rosen, Joshua and Hellerstein, Joseph M},
  booktitle={Proceedings of the 2015 ACM SIGMOD International Conference on Management of Data},
  pages={331--346},
  year={2015},
  organization={ACM}
}
	
@INPROCEEDINGS{magpie,
author = {Paul Barham and Rebecca Isaacs and Dushyanth Narayanan},
title = {Magpie: online modelling and performance-aware systems},
booktitle = {9th Workshop on Hot Topics in Operating Systems (HotOS-IX)},
year = {2003},
month = {May},
url = {https://www.microsoft.com/en-us/research/publication/magpie-online-modelling-and-performance-aware-systems/}
}

@INPROCEEDINGS{xtrace,
author = {Rodrigo Fonseca and George Porter and Randy Katz and Scott Shenker and Ion Stoica},
title = {X-Trace: A Pervasive Network Tracing Framework},
year = {2007},
note = "In Proceedings of USENIX NSDI, 2007"
}

@TECHREPORT{orchestra,
    author = {Scott Dawson and Farnam Jahanian and Todd Mitton},
    title = {ORCHESTRA: A Fault Injection Environment for Distributed Systems},
    institution = {In 26th International Symposium on Fault-Tolerant Computing (FTCS},
    year = {1996}
}

@article{ferrari,
 author = {Kanawati, Ghani A. and Kanawati, Nasser A. and Abraham, Jacob A.},
 title = {FERRARI: A Flexible Software-Based Fault and Error Injection System},
 journal = {IEEE Trans. Comput.},
 issue_date = {February 1995},
 volume = {44},
 number = {2},
 month = feb,
 year = {1995},
 issn = {0018-9340},
 pages = {248--260},
 numpages = {13},
 url = {http://dx.doi.org/10.1109/12.364536},
 doi = {10.1109/12.364536},
 acmid = {203292},
 publisher = {IEEE Computer Society},
 address = {Washington, DC, USA},
} 
	
@ARTICLE{opentracing:doc,
	TITLE = "OpenTracing",
	NOTE = "http://opentracing.io/documentation/"   }
	
@ARTICLE{google:protobuf,
	TITLE = "Protocol Buffers",
	NOTE = "https://developers.google.com/protocol-buffers/"   }	
	
@ARTICLE{google:grpc,
	TITLE = "GRPC",
	NOTE = "http://www.grpc.io/"   }
	
@ARTICLE{google:golang,
	TITLE = "Golang",
	NOTE = "https://golang.org/"   }

@ARTICLE{apache:thrift,
	TITLE = "Thrift",
	NOTE = "https://thrift.apache.org/"   }

@ARTICLE{zipkin,
	TITLE = "Zipkin",
	NOTE = "http://zipkin.io/"   }



